<?xml version="1.0" encoding="UTF-8"?><collection xmlns="http://www.loc.gov/MARC21/slim"><record><leader>00459nam--2200145-i-4500</leader><controlfield tag="001">000010534</controlfield><controlfield tag="002">20161230</controlfield><controlfield tag="005">20161230201028</controlfield><controlfield tag="008">060222s1000------------r-----000-0-eng-d</controlfield><datafield ind1=" " ind2=" " tag="020"><subfield code="a">459</subfield></datafield><datafield ind1=" " ind2=" " tag="100"><subfield code="a">Aragon, Bernard</subfield></datafield><datafield ind1=" " ind2=" " tag="245"><subfield code="a">Le debit placentaire dans la grossesse humaine principe et technique de la mesure par le xenon 133</subfield></datafield><datafield ind1=" " ind2=" " tag="260"><subfield code="a">Instrumentation</subfield></datafield><datafield ind1=" " ind2=" " tag="490"><subfield code="a">Touluse, Universite Paul Sabatier, 1971 97 P. + 2 Planse</subfield></datafield><datafield ind1=" " ind2=" " tag="852"><subfield code="a">612.6:612.014.481:015</subfield></datafield></record></collection>